@ONLINE{awsDevOps,
  author = {{Amazon Web Services}},
  title = {{What is DevOps?}},
  url = {https://aws.amazon.com/devops/what-is-devops/},
  urldate = {2021-10-26}
}

@BOOK{richardson18,
  title = {{Microservices Patterns: With Examples in Java}},
  author = {Chris Richardson},
  year = {2018},
  month = oct,
  publisher = {Manning Publications},
  note = {Book}
}

@BOOK{kleppmann17,
  title = {{Designing Data-Intensive Applications}},
  author = {Martin Kleppmann},
  year = {2017},
  month = mar,
  publisher = {O'Reilly Media},
  owner = {Martin Kleppmann (mk428)},
  note = {Book}
}

@BOOK{newman14,
  title = {{Building Microservices: Designing Fine-Grained Systems}},
  author = {Sam Newman},
  year = {2014},
  month = dec,
  publisher = {O'Reilly Media},
  note = {Book}
}

@ONLINE{md20,
  author = {Md Kamaruzzaman},
  title = {{Microservice Architecture and its 10 Most Important Design Patterns}},
  url = {https://t.co/9Du1U3X4Q6?amp=1},
  date = {2020-12-15},
  urldate = {2021-10-26}
}

@ONLINE{md19,
  author = {Md Kamaruzzaman},
  title = {{Effective Microservices: 10 Best Practices}},
  url = {https://t.co/ZM78yg19OR?amp=1},
  date = {2019-11-23},
  urldate = {2021-10-26}
}

@ONLINE{sahiti20,
  author = {Sahiti Kappagantula},
  title = {{Everything You Need To Know About Microservices Design Patterns}},
  url = {https://www.edureka.co/blog/microservices-design-patterns},
  date = {2020-11-25},
  urldate = {2021-10-26}
}

@ONLINE{udantha19,
  author = {Madhuka Udantha},
  title = {{Design Patterns for Microservices}},
  url = {https://dzone.com/articles/design-patterns-for-microservices-1},
  date = {2019-07-30},
  urldate = {2021-10-26}
}

@ONLINE{lewis14,
  author = {James Lewis and Martin Fowler},
  title = {{Microservices: a definition of this new architectural term}},
  url = {https://martinfowler.com/articles/microservices.html},
  date = {2014-03-25},
  urldate = {2021-10-26}
}

@MASTERSTHESIS{cully20,
  author = {Keith Cully},
  title = {{Performance Problems Inherent to Microservices with Independent Communication and Resiliency Configuration}},
  school = {University College Dublin},
  address = {Ireland},
  month = mar,
  year = 2020
}

@ARTICLE{akbulut19,
  author = {Akbulut, Akhan and Perros, Harry G.},
  journal = {IEEE Internet Computing},
  title = {{Performance Analysis of Microservice Design Patterns}},
  year = {2019},
  volume = {23},
  number = {6},
  pages = {19-27},
  doi = {10.1109/MIC.2019.2951094}
}

@BOOK{gof94,
  added-at = {2010-06-05T16:40:25.000+0200},
  asin = {0201633612},
  author = {Gamma, Erich and Helm, Richard and Johnson, Ralph and Vlissides, John M.},
  biburl = {https://www.bibsonomy.org/bibtex/27e3f1154ab1fbce54752a46dba7f2217/pnk},
  description = {Amazon.com: Design Patterns: Elements of Reusable Object-Oriented Software (9780201633610): Erich Gamma, Richard Helm, Ralph Johnson, John M. Vlissides: Books},
  dewey = {005.12},
  ean = {9780201633610},
  edition = 1,
  interhash = {7fe32957be97afaf4ecb38b5490d23b4},
  intrahash = {7e3f1154ab1fbce54752a46dba7f2217},
  isbn = {0201633612},
  keywords = {DBIS Design Object-Oriented Patterns SS2010 Seminar Software},
  publisher = {Addison-Wesley Professional},
  timestamp = {2010-06-05T16:40:25.000+0200},
  title = {{Design Patterns: Elements of Reusable Object-Oriented Software}},
  year = 1994
}

@BOOK{alexander77,
  address = {New York},
  author = {Alexander, Christopher and Ishikawa, Sara and Silverstein, Murray},
  isbn = {0195019199},
  publisher = {Oxford University Press},
  title = {{A Pattern Language: Towns, Buildings, Construction}},
  year = 1977
}

@ONLINE{richardson-patterns,
  author = {Chris Richardson},
  title = {{A pattern language for microservices}},
  url = {https://microservices.io/patterns/index.html},
  urldate = {2021-11-28}
}

@INPROCEEDINGS{bogner18,
  author = {Bogner, Justus and Zimmermann, Alfred and Wagner, Stefan},
  year = {2018},
  month = {03},
  pages = {},
  title = {{Analyzing the Relevance of SOA Patterns for Microservice-Based Systems}}
}

@BOOK{erl09,
  author = {Thomas Erl},
  title = {{SOA Design Patterns}},
  address = {Boston, MA, USA},
  publisher = {Pearson Education},
  year = 2009
}

@BOOK{erl12,
  title = {{SOA with REST - Principles, Patterns and Constraints for Building Enterprise Solutions with REST}},
  series = {The Prentice Hall service technology series},
  year = 2012,
  publisher = {Prentice Hall},
  author = {Thomas Erl and Benjamin Carlyle and Cesare Pautasso and Raj Balasubramanian}
}

@BOOK{rotem12,
  address = {Shelter Island, NY},
  author = {Rotem-Gal-Oz, Arnon},
  publisher = {Manning Pubications Co.},
  title = {{SOA Patterns}},
  year = 2012
}

@INPROCEEDINGS{taibi18,
  author = {Taibi, Davide and Lenarduzzi, Valentina and Pahl, Claus},
  booktitle = {CLOSER},
  pages = {221-232},
  publisher = {SciTePress},
  title = {{Architectural Patterns for Microservices: A Systematic Mapping Study}},
  year = 2018
}

@ARTICLE{parnas72,
  author = {Parnas, David},
  year = {1972},
  month = {12},
  pages = {1053-1058},
  title = {{On the Criteria To Be Used in Decomposing Systems into Modules}},
  volume = {15},
  isbn = {978-3-540-42290-7},
  journal = {Communications of the ACM},
  doi = {10.1145/361598.361623}
}

@ARTICLE{dijkstra74,
  author = {Edsger W. Dijkstra},
  year = 1974,
  title = {{On the role of scientific thought}},
  url = {https://www.cs.utexas.edu/users/EWD/transcriptions/EWD04xx/EWD447.html}
}

@TECHREPORT{aws-microservices,
  author = {{Amazon Web Services}},
  title = {{Implementing Microservices on AWS}},
  url = {https://docs.aws.amazon.com/whitepapers/latest/microservices-on-aws/microservices-on-aws.html},
  date = {2021-11-09},
  urldate = {2021-11-28}
}

@ARTICLE{zimmermann16,
  author = {Zimmermann, Olaf},
  year = {2016},
  month = {11},
  pages = {},
  title = {{Microservices tenets: Agile approach to service development and deployment}},
  volume = {32},
  journal = {Computer Science - Research and Development},
  doi = {10.1007/s00450-016-0337-0}
}

@INPROCEEDINGS{pahl16,
  author = {Pahl, Claus and Jamshidi, Pooyan},
  year = {2016},
  month = {01},
  pages = {137-146},
  title = {{Microservices: A Systematic Mapping Study}},
  doi = {10.5220/0005785501370146}
}

@INPROCEEDINGS{alshuqayran16,
  author = {Alshuqayran, Nuha and Ali, Nour and Evans, Roger},
  year = {2016},
  month = {11},
  pages = {44-51},
  title = {{A Systematic Mapping Study in Microservice Architecture}},
  doi = {10.1109/SOCA.2016.15}
}

@ARTICLE{difrancesco19,
  author = {Di Francesco, Paolo and Lago, Patricia and Malavolta, Ivano},
  year = {2019},
  month = {04},
  pages = {},
  title = {{Architecting with Microservices: a Systematic Mapping Study}},
  volume = {150},
  journal = {Journal of Systems and Software},
  doi = {10.1016/j.jss.2019.01.001}
}

@ONLINE{fowler14,
  author = {Martin Fowler},
  title = {{Microservice Prerequisites}},
  date = {2014-08-28},
  urldate = {2021-11-29},
  url = {https://martinfowler.com/bliki/MicroservicePrerequisites.html}
}

@ONLINE{fowler15,
  author = {Martin Fowler},
  title = {{Microservice Trade-Offs}},
  date = {2015-07-01},
  urldate = {2021-11-29},
  url = {https://martinfowler.com/articles/microservice-trade-offs.html}
}

@ONLINE{alagarasan15,
  author = {Vijay Alagarasan},
  title = {{Seven Microservices Anti-patterns}},
  url = {https://www.infoq.com/articles/seven-uservices-antipatterns/},
  urldate = {2021-11-29},
  date = {2015-08-24}
}

@ONLINE{kanjilal21,
  author = {Joydip Kanjilal},
  title = {{Overcoming the Common Microservices Anti-Patterns}},
  date = {2021-11-02},
  urldate = {2021-11-29},
  url = {https://www.developer.com/design/solving-microservices-anti-patterns/}
}

@ONLINE{netflix-chaos,
  author = {{Netflix Technology Blog}},
  title = {{The Netflix Simian Army}},
  date = {2011-07-19},
  urldate = {2021-11-29},
  url = {https://netflixtechblog.com/the-netflix-simian-army-16e57fbab116}
}

@ARTICLE{ohanlon06,
  author = {O'Hanlon, Charlene}, 
  title = {{A Conversation with Werner Vogels: Learning from the Amazon Technology Platform}},
  year = {2006}, 
  issue_date = {May 2006}, 
  publisher = {Association for Computing Machinery}, 
  address = {New York, NY, USA}, 
  doi = {10.1145/1142055.1142065}, 
  pages = {14-22}, 
  numpages = {9} 
}

@INPROCEEDINGS{portillo14,
  author = {Portillo-Dominguez, A. Omar and Wang, Miao and Murphy, John and Magoni, Damien and Mitchell, Nick and Sweeney, Peter F. and Altman, Erik},
  title = {{Towards an Automated Approach to Use Expert Systems in the Performance Testing of Distributed Systems}},
  year = {2014},
  publisher = {Association for Computing Machinery},
  address = {New York, NY, USA},
  doi = {10.1145/2631890.2631895},
}

@ARTICLE{portillo17,
  author = {Portillo, Omar and Perry, P. and Magoni, Damien and Murphy, John},
  year = {2017},
  month = {04},
  title = {{PHOEBE: an automation framework for the effective usage of diagnosis tools in the performance testing of clustered systems}},
  journal = {Software: Practice and Experience},
  doi = {10.1002/spe.2500}
}

@INPROCEEDINGS{amaral15,
  author={Amaral, Marcelo and Polo, Jorda and Carrera, David and Mohomed, Iqbal and Unuvar, Merve and Steinder, Malgorzata},
  booktitle={2015 IEEE 14th International Symposium on Network Computing and Applications},
  title={{Performance Evaluation of Microservices Architectures Using Containers}},
  year={2015},
  pages={27-34},
  doi={10.1109/NCA.2015.49}
}

@INPROCEEDINGS{gribaudo17,
  author = {Gribaudo, Marco and Iacono, Mauro and Manini, Daniele},
  year = {2017},
  month = {05},
  pages = {598-604},
  title = {{Performance Evaluation Of Massively Distributed Microservices Based Applications}},
  doi = {10.7148/2017-0598}
}

@INPROCEEDINGS{heinrich17,
  author = {Heinrich, Robert and van Hoorn, Andr\'{e} and Knoche, Holger and Li, Fei and Lwakatare, Lucy Ellen and Pahl, Claus and Schulte, Stefan and Wettinger, Johannes},
  title = {{Performance Engineering for Microservices: Research Challenges and Directions}},
  year = {2017},
  isbn = {9781450348997},
  publisher = {Association for Computing Machinery},
  address = {New York, NY, USA},
  doi = {10.1145/3053600.3053653},
  booktitle = {Proceedings of the 8th ACM/SPEC on International Conference on Performance Engineering Companion},
  pages = {223-226},
  numpages = {4},
  keywords = {software performance engineering, microservices, continuous delivery},
  location = {L'Aquila, Italy},
  series = {ICPE '17 Companion}
}

@INPROCEEDINGS{eismann20,
  author = {Eismann, Simon and Bezemer, Cor-Paul and Shang, Weiyi and Okanovi\'{c}, Du\v{s}an and van Hoorn, Andr\'{e}},
  title = {{Microservices: A Performance Tester's Dream or Nightmare?}},
  year = {2020},
  isbn = {9781450369916},
  publisher = {Association for Computing Machinery},
  address = {New York, NY, USA},
  doi = {10.1145/3358960.3379124},
  booktitle = {Proceedings of the ACM/SPEC International Conference on Performance Engineering},
  pages = {138-149},
  numpages = {12},
  keywords = {regression testing, microservices, DevOps, performance},
  location = {Edmonton AB, Canada},
  series = {ICPE '20}
}

@INPROCEEDINGS{gias20,
  author = {Gias, Alim U. and van Hoorn, Andr\'{e} and Zhu, Lulai and Casale, Giuliano and D\"{u}llmann, Thomas F. and Wurster, Michael},
  title = {{Performance Engineering for Microservices and Serverless Applications: The RADON Approach}},
  year = {2020},
  isbn = {9781450371094},
  publisher = {Association for Computing Machinery},
  address = {New York, NY, USA},
  doi = {10.1145/3375555.3383120},
  booktitle = {Companion of the ACM/SPEC International Conference on Performance Engineering},
  pages = {46-49},
  numpages = {4},
  keywords = {microservices, serverless, performance engineering},
  location = {Edmonton AB, Canada},
  series = {ICPE '20}
}

@INPROCEEDINGS{pereira17, 
  author = {Pereira, Rui and Couto, Marco and Ribeiro, Francisco and Rua, Rui and Cunha, J\'{a}come and Fernandes, Jo\~{a}o Paulo and Saraiva, Jo\~{a}o}, 
  title = {Energy Efficiency across Programming Languages: How Do Energy, Time, and Memory Relate?}, 
  year = {2017}, 
  isbn = {9781450355254}, 
  publisher = {Association for Computing Machinery}, 
  address = {New York, NY, USA}, 
  doi = {10.1145/3136014.3136031}, 
  booktitle = {Proceedings of the 10th ACM SIGPLAN International Conference on Software Language Engineering}, 
  pages = {256-267}, 
  location = {Vancouver, BC, Canada}, 
  series = {SLE 2017}
}

